@Inproceedings{stork09:concurrency_by_default,
    author = {Stork, Sven and Marques, Paulo and Aldrich, Jonathan},
    title = {Concurrency by default: using permissions to express dataflow in stateful programs},
    booktitle = {{Onward!}},
    year = {2009},
}

@TechReport{stork10:uaeminium_spec,
    author =       {Sven Stork and Jonathan Aldrich and Paulo Marques },
    title =        {{micro-AEmimium Language Specification}},
    institution =  {Carnegie Mellon University},
    year =         {published July 2010, revised December 2010},
    number =       {CMU-ISR-10-125R1},
}
